<?xml version="1.0" encoding="UTF-8" ?>
<collection xmlns:xsi="http://www.w3.org/2001/XMLSchema-instance"
    xsi:schemaLocation="http://www.loc.gov/MARC21/slim
        http://www.loc.gov/standards/marcxml/schema/MARC21slim.xsd"
    xmlns="http://www.loc.gov/MARC21/slim">
<record>
  <leader>00237cam a2200445 i 4500</leader>
  <controlfield tag="001">b12759533</controlfield>
  <controlfield tag="003">LeBAU</controlfield>
  <controlfield tag="005">20170823</controlfield>
  <controlfield tag="008">971105s1948    le d          ||0 0 ara d</controlfield>
  <datafield tag="035" ind1=" " ind2=" ">
    <subfield code="a">ocn784504942</subfield>
  </datafield>
  <datafield tag="040" ind1=" " ind2=" ">
    <subfield code="a">LEAUB</subfield>
    <subfield code="b">ara</subfield>
    <subfield code="e">rda</subfield>
    <subfield code="c">LEAUB</subfield>
    <subfield code="d">LEAUB</subfield>
  </datafield>
  <datafield tag="082" ind1="0" ind2="4">
    <subfield code="a">330.9569</subfield>
    <subfield code="2">22</subfield>
  </datafield>
  <datafield tag="100" ind1="1" ind2=" ">
    <subfield code="6">880-01</subfield>
    <subfield code="a">Gibb, Alexander,</subfield>
    <subfield code="d">1872-1958,</subfield>
    <subfield code="e">author.</subfield>
  </datafield>
  <datafield tag="245" ind1="1" ind2="0">
    <subfield code="6">880-02</subfield>
    <subfield code="a">Taqrīr al-Sir Aliksandir Jībb wa-shurakāh ʻan al-taṭawwur al-iqtiṣādī fī Lubnān /</subfield>
    <subfield code="c">al-Jumhūrīyah al-Lubnānīyah, Wizārat al-Iqtiṣād al-Waṭanī ; naqala hadhā al-kitāb ilá al-‘Arabīyah Shafīq Gharz al-Dīn, khabīr wizārat al-iqtiṣād al-waṭanī.</subfield>
  </datafield>
  <datafield tag="246" ind1="3" ind2="0">
    <subfield code="6">880-03</subfield>
    <subfield code="a">Taṭawwur al-iqtiṣādī fī Lubnān</subfield>
  </datafield>
  <datafield tag="264" ind1=" " ind2="1">
    <subfield code="6">880-04</subfield>
    <subfield code="a">[Bayrūt] :</subfield>
    <subfield code="b">Maṭābiʻ Jūzif Salīm Ṣayqalī,</subfield>
    <subfield code="c">1948.</subfield>
  </datafield>
  <datafield tag="300" ind1=" " ind2=" ">
    <subfield code="6">880-05</subfield>
    <subfield code="a">235 pages, 14 unnumbered leaves of plates :</subfield>
    <subfield code="b">illustrations (some color), maps ;</subfield>
    <subfield code="c">33 cm</subfield>
  </datafield>
  <datafield tag="336" ind1=" " ind2=" ">
    <subfield code="a">text</subfield>
    <subfield code="b">txt</subfield>
    <subfield code="2">rdacontent</subfield>
  </datafield>
  <datafield tag="336" ind1=" " ind2=" ">
    <subfield code="a">still image</subfield>
    <subfield code="b">sti</subfield>
    <subfield code="2">rdacontent </subfield>
  </datafield>
  <datafield tag="337" ind1=" " ind2=" ">
    <subfield code="a">unmediated</subfield>
    <subfield code="b">n</subfield>
    <subfield code="2">rdamedia</subfield>
  </datafield>
  <datafield tag="338" ind1=" " ind2=" ">
    <subfield code="a">volume</subfield>
    <subfield code="b">nc</subfield>
    <subfield code="2">rdacarrier</subfield>
  </datafield>
  <datafield tag="650" ind1=" " ind2="4">
    <subfield code="a">التنمية الإقتصادية</subfield>
    <subfield code="z">لبنان</subfield>
    <subfield code="x">تاريخ</subfield>
    <subfield code="y">القرن العشرون.</subfield>
  </datafield>
  <datafield tag="650" ind1=" " ind2="0">
    <subfield code="a">Economic development</subfield>
    <subfield code="z">Lebanon</subfield>
    <subfield code="x">History</subfield>
    <subfield code="y">20th century.</subfield>
  </datafield>
  <datafield tag="651" ind1=" " ind2="4">
    <subfield code="a">لبنان</subfield>
    <subfield code="x">الاحوال الاقتصادية</subfield>
    <subfield code="y">القرن العشرون.</subfield>
  </datafield>
  <datafield tag="651" ind1=" " ind2="0">
    <subfield code="a">Lebanon</subfield>
    <subfield code="x">Economic conditions</subfield>
    <subfield code="y">20th century.</subfield>
  </datafield>
  <datafield tag="700" ind1="1" ind2=" ">
    <subfield code="6">880-06</subfield>
    <subfield code="a">Gharz al-Dīn, Shafīq,</subfield>
    <subfield code="e">translator.</subfield>
  </datafield>
  <datafield tag="710" ind1="1" ind2=" ">
    <subfield code="6">880-07</subfield>
    <subfield code="a">Lebanon.</subfield>
    <subfield code="b">Wizārat al-iqtiṣād al-waṭanī,</subfield>
    <subfield code="e">issuing body.</subfield>
  </datafield>
  <datafield tag="852" ind1=" " ind2=" ">
    <subfield code="a">Jafet Library</subfield>
    <subfield code="e">American University of Beirut, Bliss Street , Beirut, Lebanon.</subfield>
  </datafield>
  <datafield tag="880" ind1="1" ind2=" ">
    <subfield code="6">100-01/(3/r</subfield>
    <subfield code="a">جب، ألكسندر،</subfield>
    <subfield code="d">1872-1958،</subfield>
    <subfield code="e">مؤلف. </subfield>
    <subfield code="4">aut.</subfield>
  </datafield>
  <datafield tag="880" ind1="1" ind2="0">
    <subfield code="6">245-02/(3/r</subfield>
    <subfield code="a">تقرير السر ألكسندر جيب وشركاه عن التطور الإقتصادي في لبنان /</subfield>
    <subfield code="c">الجمهورية اللبنانية، وزارة الاقتصاد الوطني ؛ نقل هذا الكتاب الى العربية شفيق غرز الدين، خبير وزارة الإقتصاد الوطني.</subfield>
  </datafield>
  <datafield tag="880" ind1="3" ind2="0">
    <subfield code="6">246-03/(3/r</subfield>
    <subfield code="a">التطور الإقتصادي في لبنان</subfield>
  </datafield>
  <datafield tag="880" ind1=" " ind2="1">
    <subfield code="6">264-04/(3/r</subfield>
    <subfield code="a">[بيروت] :</subfield>
    <subfield code="b">مطابع جوزف سليم صيقلي،</subfield>
    <subfield code="c">1948.</subfield>
  </datafield>
  <datafield tag="880" ind1=" " ind2=" ">
    <subfield code="6">300-05/(3/r</subfield>
    <subfield code="a">235 صفحة، 14 ورقة لوحات :</subfield>
    <subfield code="b">مصورات (بعضها ملون)، خرائط، ؛</subfield>
    <subfield code="c">33 سم</subfield>
  </datafield>
  <datafield tag="880" ind1="1" ind2=" ">
    <subfield code="6">700-06/(3/r</subfield>
    <subfield code="a">غرز الدين، شفيق،</subfield>
    <subfield code="e">مترجم. </subfield>
    <subfield code="4">trl.</subfield>
  </datafield>
  <datafield tag="880" ind1="1" ind2=" ">
    <subfield code="6">710-07/(3/r</subfield>
    <subfield code="a">لبنان.</subfield>
    <subfield code="b">وزارة الاقتصاد الوطني،</subfield>
    <subfield code="e">هيئة إصدار. </subfield>
    <subfield code="4">isb.</subfield>
  </datafield>
  <datafield tag="907" ind1=" " ind2=" ">
    <subfield code="a">.b12759533</subfield>
    <subfield code="b">17-09-05</subfield>
    <subfield code="c">11-05-24</subfield>
  </datafield>
  <datafield tag="907" ind1=" " ind2=" ">
    <subfield code="a">.b12759533</subfield>
    <subfield code="b">11-10-11</subfield>
    <subfield code="c">11-05-24</subfield>
  </datafield>
  <datafield tag="945" ind1=" " ind2=" ">
    <subfield code="f">F</subfield>
    <subfield code="a">330.9569:G43tA:c.1</subfield>
    <subfield code="i">01064203</subfield>
    <subfield code="j">.i13333914</subfield>
    <subfield code="l">u0504</subfield>
  </datafield>
  <datafield tag="945" ind1=" " ind2=" ">
    <subfield code="f">F</subfield>
    <subfield code="a">330.9569:G43tA:c.2</subfield>
    <subfield code="i">01064204</subfield>
    <subfield code="j">.i13333926</subfield>
    <subfield code="l">u0504</subfield>
  </datafield>
  <datafield tag="998" ind1=" " ind2=" ">
    <subfield code="a">u05</subfield>
    <subfield code="b">97-11-05</subfield>
    <subfield code="c">m</subfield>
    <subfield code="d">a</subfield>
    <subfield code="e">-</subfield>
    <subfield code="f">ara</subfield>
    <subfield code="g">le </subfield>
    <subfield code="h">0</subfield>
    <subfield code="i">2</subfield>
  </datafield>
</record>
</collection>
